@book{latex,
    title = {LaTeX : A Documentation Preparation System User's Guide and Reference Manual},
    publisher = {Addison-Wesley Professional},
    year = {1994},
    author = {Leslie Lamport}
}

@article{whiteCElegans,
    author = {White, J. G., Southgate, E., Thomson, J. N. and Brenner, S.},
    title = {The structure of the nervous system of the nematode Caenorhabditis elegans},
    year = {1986},
    publisher= {The Royal Society}}
    
@article{humanConnectomeProject,
    author = {Sporns, O., Tononi, G., KÃ¶tter, R.},
    journal = {PLOS Computational Biology},
    publisher = {Public Library of Science},
    title = {The Human Connectome: A Structural Description of the Human Brain},
    year = {2005},
    month = {09},
    volume = {1},
    doi = {10.1371/journal.pcbi.0010042}
}

@article{cookCElegans,
    author = {Cook, S.J., Jarrell, T.A., Brittin, C.A. et al.},
    title = {Whole-animal connectomes of both Caenorhabditis elegans sexes.},
    publisher = {Nature},
    year = {2019}}
    
@article{emMethods,
  doi = {10.1016/j.conb.2011.10.022},
  url = {https://doi.org/10.1016/j.conb.2011.10.022},
  year = {2012},
  month = feb,
  publisher = {Elsevier {BV}},
  volume = {22},
  number = {1},
  pages = {154--161},
  author = {Kevin L Briggman and Davi D Bock},
  title = {Volume electron microscopy for neuronal circuit reconstruction},
  journal = {Current Opinion in Neurobiology}
}

@article{Jain2010,
  doi = {10.1016/j.conb.2010.07.004},
  url = {https://doi.org/10.1016/j.conb.2010.07.004},
  year = {2010},
  month = oct,
  publisher = {Elsevier {BV}},
  volume = {20},
  number = {5},
  pages = {653--666},
  author = {Viren Jain and H Sebastian Seung and Srinivas C Turaga},
  title = {Machines that learn to segment images: a crucial technology for connectomics},
  journal = {Current Opinion in Neurobiology}
}

@article{Turaga2010,
  doi = {10.1162/neco.2009.10-08-881},
  url = {https://doi.org/10.1162/neco.2009.10-08-881},
  year = {2010},
  month = feb,
  publisher = {{MIT} Press - Journals},
  volume = {22},
  number = {2},
  pages = {511--538},
  author = {Srinivas C. Turaga and Joseph F. Murray and Viren Jain and Fabian Roth and Moritz Helmstaedter and Kevin Briggman and Winfried Denk and H. Sebastian Seung},
  title = {Convolutional Networks Can Learn to Generate Affinity Graphs for Image Segmentation},
  journal = {Neural Computation}
}

@misc{Kisuk2017,
    title={Superhuman Accuracy on the SNEMI3D Connectomics Challenge},
    author={Kisuk Lee and Jonathan Zung and Peter Li and Viren Jain and H. Sebastian Seung},
    year={2017},
    eprint={1706.00120},
    archivePrefix={arXiv},
    primaryClass={cs.CV}
}

@misc{Aleks2015WatershedClustering,
    title={Image Segmentation by Size-Dependent Single Linkage Clustering of a Watershed Basin Graph},
    author={Aleksandar Zlateski and H. Sebastian Seung},
    year={2015},
    eprint={1505.00249},
    archivePrefix={arXiv},
    primaryClass={cs.CV}
}

@article{Seung2017,
  author    = {Jonathan Zung and
               Ignacio Tartavull and
               H. Sebastian Seung},
  title     = {An Error Detection and Correction Framework for Connectomics},
  journal   = {CoRR},
  volume    = {abs/1708.02599},
  year      = {2017},
  url       = {http://arxiv.org/abs/1708.02599}
}

@inproceedings{Brain2019,
  title={Biologically-Constrained Graphs for Global Connectomics Reconstruction},
  author={Brian Matejek and Daniel Haehn and Haidong Zhu and Donglai Wei and Toufiq Parag and Hanspeter Pfister},
  booktitle={CVPR},
  year={2019}
}

@article{Januszewski2018FFN,
  year = {2018},
  publisher = {Springer Science and Business Media {LLC}},
  author = {Micha{\l} Januszewski and J\"{o}rgen Kornfeld and Peter H. Li and Art Pope and Tim Blakely and Larry Lindsey and Jeremy Maitin-Shepard and Mike Tyka and Winfried Denk and Viren Jain},
  title = {High-precision automated reconstruction of neurons with flood-filling networks},
  journal = {Nature Methods}
}

@article{Januszewski2017FFN,
  doi = {10.1101/200675},
  year = {2017},
  month = oct,
  publisher = {Cold Spring Harbor Laboratory},
  author = {Micha{\l} Januszewski and J\"{o}rgen Kornfeld and Peter H. Li and Art Pope and Tim Blakely and Larry Lindsey and Jeremy Maitin-Shepard and Mike Tyka and Winfried Denk and Viren Jain},
  title = {High-Precision Automated Reconstruction of Neurons with Flood-filling Networks}
}